

@inproceedings{leite21,
  title={Aligning artificial neural networks and ontologies towards explainable ai},
  author={Ribeiro, Manuel and Leite, Joao},
  booktitle={Proceedings of the AAAI Conference on Artificial Intelligence},
  volume={35},
  number={6},
  pages={4932--4940},
  year={2021}
}

@article{GENEO19,
  title={Towards a topological--geometrical theory of group equivariant non-expansive operators for data analysis and machine learning},
  author={Bergomi, Mattia G and Frosini, Patrizio and Giorgi, Daniela and Quercioli, Nicola},
  journal={Nature Machine Intelligence},
  volume={1},
  number={9},
  pages={423--433},
  year={2019},
  publisher={Nature Publishing Group}
}

@article{GENEO21,
  title={On the geometric and Riemannian structure of the spaces of group equivariant non-expansive operators},
  author={Cascarano, Pasquale and Frosini, Patrizio and Quercioli, Nicola and Saki, Amir},
  journal={arXiv preprint arXiv:2103.02543},
  year={2021}
}

@article{bocchi2022geneonet,
  title={GENEOnet: A new machine learning paradigm based on Group Equivariant Non-Expansive Operators. An application to protein pocket detection},
  author={Bocchi, Giovanni and Frosini, Patrizio and Micheletti, Alessandra and Pedretti, Alessandro and Gratteri, Carmen and Lunghini, Filippo and Beccari, Andrea Rosario and Talarico, Carmine},
  journal={arXiv preprint arXiv:2202.00451},
  year={2022}
}

@article{conti2022construction,
  title={On the construction of group equivariant non-expansive operators via permutants and symmetric functions},
  author={Conti, Francesco and Frosini, Patrizio and Quercioli, Nicola},
  journal={Frontiers in Artificial Intelligence},
  volume={5},
  pages={16},
  year={2022},
  publisher={Frontiers}
}

@article{botteghi2020finite,
  title={On the finite representation of group equivariant operators via permutant measures},
  author={Botteghi, Stefano and Brasini, Martina and Frosini, Patrizio and Quercioli, Nicola},
  journal={arXiv preprint arXiv:2008.06340},
  year={2020}
}

@article{steininger2021density,
  title={Density-based weighting for imbalanced regression},
  author={Steininger, Michael and Kobs, Konstantin and Davidson, Padraig and Krause, Anna and Hotho, Andreas},
  journal={Machine Learning},
  volume={110},
  number={8},
  pages={2187--2211},
  year={2021},
  publisher={Springer}
}

@inproceedings{salehi2017tversky,
  title={Tversky loss function for image segmentation using 3D fully convolutional deep networks},
  author={Salehi, Seyed Sadegh Mohseni and Erdogmus, Deniz and Gholipour, Ali},
  booktitle={Machine Learning in Medical Imaging: 8th International Workshop, MLMI 2017, Held in Conjunction with MICCAI 2017, Quebec City, QC, Canada, September 10, 2017, Proceedings 8},
  pages={379--387},
  year={2017},
  organization={Springer}
}

###################################### 
######### ------ SOTA ------ #########
######################################

@inproceedings{tp3d,
  title={Torch-Points3D: A Modular Multi-Task Frameworkfor Reproducible Deep Learning on 3D Point Clouds},
  author={Chaton, Thomas and Chaulet Nicolas and Horache, Sofiane and Landrieu, Loic},
  booktitle={2020 International Conference on 3D Vision (3DV)},
  year={2020},
  organization={IEEE},
  url = {\url{https://github.com/nicolas-chaulet/torch-points3d}}
}

@inproceedings{Cylinder3D,
  title={Cylindrical and asymmetrical 3D convolution networks for LiDAR segmentation},
  author={Zhu, Xinge and Zhou, Hui and Wang, Tai and Hong, Fangzhou and Ma, Yuexin and Li, Wei and Li, Hongsheng and Lin, Dahua},
  booktitle={Proceedings of the IEEE/CVF conference on Computer Vision and Pattern Recognition},
  pages={9939--9948},
  year={2021}
}

@inproceedings{PVKD,
  title={Point-to-Voxel Knowledge Distillation for LiDAR Semantic Segmentation},
  author={Hou, Yuenan and Zhu, Xinge and Ma, Yuexin and Loy, Chen Change and Li, Yikang},
  booktitle={Proceedings of the IEEE/CVF Conference on Computer Vision and Pattern Recognition},
  pages={8479--8488},
  year={2022}
}

@inproceedings{yan2021sparse,
  title={Sparse single sweep LiDAR point cloud segmentation via learning contextual shape priors from scene completion},
  author={Yan, Xu and Gao, Jiantao and Li, Jie and Zhang, Ruimao and Li, Zhen and Huang, Rui and Cui, Shuguang},
  booktitle={Proceedings of the AAAI Conference on Artificial Intelligence},
  volume={35},
  number={4},
  pages={3101--3109},
  year={2021}
}

@inproceedings{AF2S3Net,
  title={2-s3net: Attentive feature fusion with adaptive feature selection for sparse semantic segmentation network},
  author={Cheng, Ran and Razani, Ryan and Taghavi, Ehsan and Li, Enxu and Liu, Bingbing},
  booktitle={Proceedings of the IEEE/CVF conference on Computer Vision and Pattern Recognition},
  pages={12547--12556},
  year={2021}
}

  
@inproceedings{xu2021rpvnet,
  title={Rpvnet: A deep and efficient range-point-voxel fusion network for LiDAR point cloud segmentation},
  author={Xu, Jianyun and Zhang, Ruixiang and Dou, Jian and Zhu, Yushi and Sun, Jie and Pu, Shiliang},
  booktitle={Proceedings of the IEEE/CVF International Conference on Computer Vision},
  pages={16024--16033},
  year={2021}
}
  
@ARTICLE{yan20222dpass,
       author = {{Yan}, Xu and {Gao}, Jiantao and {Zheng}, Chaoda and {Zheng}, Chao and {Zhang}, Ruimao and {Cui}, Shenghui and {Li}, Zhen},
        title = "{2DPASS: 2D Priors Assisted Semantic Segmentation on LiDAR Point Clouds}",
      journal = {arXiv e-prints},
     keywords = {Computer Science - Computer Vision and Pattern Recognition},
         year = 2022,
        month = jul,
          eid = {arXiv:2207.04397},
        pages = {arXiv:2207.04397},
archivePrefix = {arXiv},
       eprint = {2207.04397},
 primaryClass = {cs.CV},
       adsurl = {https://ui.adsabs.harvard.edu/abs/2022arXiv220704397Y},
      adsnote = {Provided by the SAO/NASA Astrophysics Data System}
}


  
  
###################################### 
####### ------ Datasets ------ #######
######################################

@inproceedings{SensatUrban,
  title={Towards semantic segmentation of urban-scale 3D point clouds: A dataset, benchmarks and challenges},
  author={Hu, Qingyong and Yang, Bo and Khalid, Sheikh and Xiao, Wen and Trigoni, Niki and Markham, Andrew},
  booktitle={Proceedings of the IEEE/CVF conference on computer vision and pattern recognition},
  pages={4977--4987},
  year={2021}
}

@article{Semantic3D,
  title={Semantic3d. net: A new large-scale point cloud classification benchmark},
  author={Hackel, Timo and Savinov, Nikolay and Ladicky, Lubor and Wegner, Jan D and Schindler, Konrad and Pollefeys, Marc},
  journal={arXiv preprint arXiv:1704.03847},
  year={2017}
}

@inproceedings{SemKITTI,
  title={Semantickitti: A dataset for semantic scene understanding of lidar sequences},
  author={Behley, Jens and Garbade, Martin and Milioto, Andres and Quenzel, Jan and Behnke, Sven and Stachniss, Cyrill and Gall, Jurgen},
  booktitle={Proceedings of the IEEE/CVF International Conference on Computer Vision},
  pages={9297--9307},
  year={2019}
}
 
###################################### 
# ------ Point Cloud Learning ------ #
######################################

@article{guo2020deep,
  title={Deep learning for 3D point clouds: A survey},
  author={Guo, Yulan and Wang, Hanyun and Hu, Qingyong and Liu, Hao and Liu, Li and Bennamoun, Mohammed},
  journal={IEEE transactions on pattern analysis and machine intelligence},
  volume={43},
  number={12},
  pages={4338--4364},
  year={2020},
  publisher={IEEE}
}

@inproceedings{maturana2015voxnet,
  title={Voxnet: A 3D convolutional neural network for real-time object recognition},
  author={Maturana, Daniel and Scherer, Sebastian},
  booktitle={2015 IEEE/RSJ international conference on intelligent robots and systems (IROS)},
  pages={922--928},
  year={2015},
  organization={IEEE}
}

@inproceedings{wu20153d,
  title={3D shapenets: A deep representation for volumetric shapes},
  author={Wu, Zhirong and Song, Shuran and Khosla, Aditya and Yu, Fisher and Zhang, Linguang and Tang, Xiaoou and Xiao, Jianxiong},
  booktitle={Proceedings of the IEEE conference on Computer Vision and Pattern Recognition},
  pages={1912--1920},
  year={2015}
}

@inproceedings{long2015fully,
  title={Fully convolutional networks for semantic segmentation},
  author={Long, Jonathan and Shelhamer, Evan and Darrell, Trevor},
  booktitle={Proceedings of the IEEE conference on Computer Vision and Pattern Recognition},
  pages={3431--3440},
  year={2015}
}

@inproceedings{rethage2018fully,
  title={Fully-convolutional point networks for large-scale point clouds},
  author={Rethage, Dario and Wald, Johanna and Sturm, Jurgen and Navab, Nassir and Tombari, Federico},
  booktitle={Proceedings of the European Conference on Computer Vision (ECCV)},
  pages={596--611},
  year={2018}
}

@inproceedings{graham20183d,
  title={3D semantic segmentation with submanifold sparse convolutional networks},
  author={Graham, Benjamin and Engelcke, Martin and Van Der Maaten, Laurens},
  booktitle={Proceedings of the IEEE conference on Computer Vision and Pattern Recognition},
  pages={9224--9232},
  year={2018}
}

@inproceedings{su2018splatnet,
  title={Splatnet: Sparse lattice networks for point cloud processing},
  author={Su, Hang and Jampani, Varun and Sun, Deqing and Maji, Subhransu and Kalogerakis, Evangelos and Yang, Ming-Hsuan and Kautz, Jan},
  booktitle={Proceedings of the IEEE conference on Computer Vision and Pattern Recognition},
  pages={2530--2539},
  year={2018}
}

@article{wang2017cnn,
  title={{O-CNN}: Octree-based convolutional neural networks for 3D shape analysis},
  author={Wang, Peng-Shuai and Liu, Yang and Guo, Yu-Xiao and Sun, Chun-Yu and Tong, Xin},
  journal={ACM Transactions On Graphics (TOG)},
  volume={36},
  number={4},
  pages={1--11},
  year={2017},
  publisher={ACM New York, NY, USA}
}

@inproceedings{tchapmi2017segcloud,
  title={Segcloud: Semantic segmentation of 3D point clouds},
  author={Tchapmi, Lyne and Choy, Christopher and Armeni, Iro and Gwak, JunYoung and Savarese, Silvio},
  booktitle={2017 International Conference on 3D vision (3DV)},
  pages={537--547},
  year={2017},
  organization={IEEE}
}

@inproceedings{le2018pointgrid,
  title={Pointgrid: A deep network for 3D shape understanding},
  author={Le, Truc and Duan, Ye},
  booktitle={Proceedings of the IEEE conference on Computer Vision and Pattern Recognition},
  pages={9204--9214},
  year={2018}
}

@inproceedings{qi2017pointnet,
  title={Pointnet: Deep learning on point sets for 3D classification and segmentation},
  author={Qi, Charles R and Su, Hao and Mo, Kaichun and Guibas, Leonidas J},
  booktitle={Proceedings of the IEEE conference on Computer Vision and Pattern Recognition},
  pages={652--660},
  year={2017}
}

@article{qi2017pointnet++,
  title={Pointnet++: Deep hierarchical feature learning on point sets in a metric space},
  author={Qi, Charles Ruizhongtai and Yi, Li and Su, Hao and Guibas, Leonidas J},
  journal={Advances in neural information processing systems},
  volume={30},
  year={2017}
}

@inproceedings{hu2020randla,
  title={Randla-net: Efficient semantic segmentation of large-scale point clouds},
  author={Hu, Qingyong and Yang, Bo and Xie, Linhai and Rosa, Stefano and Guo, Yulan and Wang, Zhihua and Trigoni, Niki and Markham, Andrew},
  booktitle={Proceedings of the IEEE/CVF Conference on Computer Vision and Pattern Recognition},
  pages={11108--11117},
  year={2020}
}

@inproceedings{tatarchenko2018tangent,
  title={Tangent convolutions for dense prediction in 3d},
  author={Tatarchenko, Maxim and Park, Jaesik and Koltun, Vladlen and Zhou, Qian-Yi},
  booktitle={Proceedings of the IEEE Conference on Computer Vision and Pattern Recognition},
  pages={3887--3896},
  year={2018}
}

@inproceedings{tang2020searching,
  title={Searching efficient 3d architectures with sparse point-voxel convolution},
  author={Tang, Haotian and Liu, Zhijian and Zhao, Shengyu and Lin, Yujun and Lin, Ji and Wang, Hanrui and Han, Song},
  booktitle={European conference on computer vision},
  pages={685--702},
  year={2020},
  organization={Springer}
}


@inproceedings{xu2020geometry,
  title={Geometry sharing network for 3D point cloud classification and segmentation},
  author={Xu, Mingye and Zhou, Zhipeng and Qiao, Yu},
  booktitle={Proceedings of the AAAI Conference on Artificial Intelligence},
  volume={34},
  number={07},
  pages={12500--12507},
  year={2020}
}


@inproceedings{thomas2019kpconv,
  title={Kpconv: Flexible and deformable convolution for point clouds},
  author={Thomas, Hugues and Qi, Charles R and Deschaud, Jean-Emmanuel and Marcotegui, Beatriz and Goulette, Fran{\c{c}}ois and Guibas, Leonidas J},
  booktitle={Proceedings of the IEEE/CVF International Conference on Computer Vision},
  pages={6411--6420},
  year={2019}
}

@inproceedings{wu2019pointconv,
  title={Pointconv: Deep convolutional networks on 3D point clouds},
  author={Wu, Wenxuan and Qi, Zhongang and Fuxin, Li},
  booktitle={Proceedings of the IEEE/CVF Conference on Computer Vision and Pattern Recognition},
  pages={9621--9630},
  year={2019}
}

@article{li2018pointcnn,
  title={{PointCNN}: Convolution on x-transformed points},
  author={Li, Yangyan and Bu, Rui and Sun, Mingchao and Wu, Wei and Di, Xinhan and Chen, Baoquan},
  journal={Advances in Neural Information Processing Systems},
  volume={31},
  year={2018}
}

@inproceedings{hua2018pointwise,
  title={Pointwise convolutional neural networks},
  author={Hua, Binh-Son and Tran, Minh-Khoi and Yeung, Sai-Kit},
  booktitle={Proceedings of the IEEE conference on Computer Vision and Pattern Recognition},
  pages={984--993},
  year={2018}
}


@inproceedings{ding2021electric,
  title={Electric power line patrol operation based on vision and laser SLAM fusion perception},
  author={Ding, Leiqing and Wang, Jianjun and Wu, Yikai},
  booktitle={2021 IEEE 4th International Conference on Automation, Electronics and Electrical Engineering (AUTEEE)},
  pages={125--129},
  year={2021},
  organization={IEEE}
}

@inproceedings{guo2019research,
  title={Research on point cloud power line segmentation and fitting algorithm},
  author={Guo, Tao and Xu, Lianggang and Chen, Yuran and Liu, Yong and Zhao, Jian and Luo, Xiao and Wu, Shaohua},
  booktitle={2019 IEEE 4th Advanced Information Technology, Electronic and Automation Control Conference (IAEAC)},
  volume={1},
  pages={2404--2409},
  year={2019},
  organization={IEEE}
}

@inproceedings{tao2019study,
  title={Study on segmentation algorithm with missing point cloud in power line},
  author={Tao, Guo and Lianggang, Xu and Heng, Yang and Liugui, Yang and Jian, Zhao and Shaohua, Wu and Di, Wang},
  booktitle={2019 IEEE 3rd Advanced Information Management, Communicates, Electronic and Automation Control Conference (IMCEC)},
  pages={1895--1899},
  year={2019},
  organization={IEEE}
}


@article{chowdhery2022palm,
  title={Palm: Scaling language modeling with pathways},
  author={Chowdhery, Aakanksha and Narang, Sharan and Devlin, Jacob and Bosma, Maarten and Mishra, Gaurav and Roberts, Adam and Barham, Paul and Chung, Hyung Won and Sutton, Charles and Gehrmann, Sebastian and others},
  journal={arXiv preprint arXiv:2204.02311},
  year={2022}
}


@inproceedings{lai2023spherical,
  title={Spherical transformer for lidar-based 3d recognition},
  author={Lai, Xin and Chen, Yukang and Lu, Fanbin and Liu, Jianhui and Jia, Jiaya},
  booktitle={Proceedings of the IEEE/CVF Conference on Computer Vision and Pattern Recognition},
  pages={17545--17555},
  year={2023}
}


#####################################
#               XAI
#####################################

@inproceedings{barbiero2022entropy,
  title={Entropy-based logic explanations of neural networks},
  author={Barbiero, Pietro and Ciravegna, Gabriele and Giannini, Francesco and Li{\'o}, Pietro and Gori, Marco and Melacci, Stefano},
  booktitle={Proceedings of the AAAI Conference on Artificial Intelligence},
  volume={36},
  number={6},
  pages={6046--6054},
  year={2022}
}

@article{chen2020concept,
  title={Concept whitening for interpretable image recognition},
  author={Chen, Zhi and Bei, Yijie and Rudin, Cynthia},
  journal={Nature Machine Intelligence},
  volume={2},
  number={12},
  pages={772--782},
  year={2020},
  publisher={Nature Publishing Group}
}

@article{rudin2019stop,
  title={Stop explaining black box machine learning models for high stakes decisions and use interpretable models instead},
  author={Rudin, Cynthia},
  journal={Nature Machine Intelligence},
  volume={1},
  number={5},
  pages={206--215},
  year={2019},
  publisher={Nature Publishing Group}
}

@article{lipton2018mythos,
  title={The mythos of model interpretability: In machine learning, the concept of interpretability is both important and slippery.},
  author={Lipton, Zachary C},
  journal={Queue},
  volume={16},
  number={3},
  pages={31--57},
  year={2018},
  publisher={ACM New York, NY, USA}
}

@inproceedings{ribeiro2016should,
  title={" Why should i trust you?" Explaining the predictions of any classifier},
  author={Ribeiro, Marco Tulio and Singh, Sameer and Guestrin, Carlos},
  booktitle={Proceedings of the 22nd ACM SIGKDD international conference on knowledge discovery and data mining},
  pages={1135--1144},
  year={2016}
}

@inproceedings{fong2017interpretable,
  title={Interpretable explanations of black boxes by meaningful perturbation},
  author={Fong, Ruth C and Vedaldi, Andrea},
  booktitle={Proceedings of the IEEE international conference on computer vision},
  pages={3429--3437},
  year={2017}
}

@InProceedings{Chefer_2021_CVPR,
    author    = {Chefer, Hila and Gur, Shir and Wolf, Lior},
    title     = {Transformer Interpretability Beyond Attention Visualization},
    booktitle = {Proceedings of the IEEE/CVF Conference on Computer Vision and Pattern Recognition (CVPR)},
    month     = {June},
    year      = {2021},
    pages     = {782-791}
}

@inproceedings{selvaraju2017grad,
  title={Grad-cam: Visual explanations from deep networks via gradient-based localization},
  author={Selvaraju, Ramprasaath R and Cogswell, Michael and Das, Abhishek and Vedantam, Ramakrishna and Parikh, Devi and Batra, Dhruv},
  booktitle={Proceedings of the IEEE international conference on computer vision},
  pages={618--626},
  year={2017}
}

@article{voita2019analyzing,
  title={Analyzing multi-head self-attention: Specialized heads do the heavy lifting, the rest can be pruned},
  author={Voita, Elena and Talbot, David and Moiseev, Fedor and Sennrich, Rico and Titov, Ivan},
  journal={arXiv preprint arXiv:1905.09418},
  year={2019}
}

@InProceedings{Zhang_2018_CVPR,
author = {Zhang, Quanshi and Wu, Ying Nian and Zhu, Song-Chun},
title = {Interpretable Convolutional Neural Networks},
booktitle = {Proceedings of the IEEE Conference on Computer Vision and Pattern Recognition (CVPR)},
month = {June},
year = {2018}
}

@article{lundberg2017unified,
  title={A unified approach to interpreting model predictions},
  author={Lundberg, Scott M and Lee, Su-In},
  journal={Advances in neural information processing systems},
  volume={30},
  year={2017}
}

@inproceedings{ribeiro2018anchors,
  title={Anchors: High-precision model-agnostic explanations},
  author={Ribeiro, Marco Tulio and Singh, Sameer and Guestrin, Carlos},
  booktitle={Proceedings of the AAAI conference on artificial intelligence},
  volume={32},
  number={1},
  year={2018}
}

@article{guidotti2018survey,
  title={A survey of methods for explaining black box models},
  author={Guidotti, Riccardo and Monreale, Anna and Ruggieri, Salvatore and Turini, Franco and Giannotti, Fosca and Pedreschi, Dino},
  journal={ACM computing surveys (CSUR)},
  volume={51},
  number={5},
  pages={1--42},
  year={2018},
  publisher={ACM New York, NY, USA}
}

@article{doshi2017towards,
  title={Towards a rigorous science of interpretable machine learning},
  author={Doshi-Velez, Finale and Kim, Been},
  journal={arXiv preprint arXiv:1702.08608},
  year={2017}
}

############## SoA Slow #################

@article{muhammad2020deep,
  title={Deep learning for safe autonomous driving: Current challenges and future directions},
  author={Muhammad, Khan and Ullah, Amin and Lloret, Jaime and Del Ser, Javier and de Albuquerque, Victor Hugo C},
  journal={IEEE Transactions on Intelligent Transportation Systems},
  volume={22},
  number={7},
  pages={4316--4336},
  year={2020},
  publisher={IEEE}
}

@article{alzubaidi2021review,
  title={Review of deep learning: Concepts, CNN architectures, challenges, applications, future directions},
  author={Alzubaidi, Laith and Zhang, Jinglan and Humaidi, Amjad J and Al-Dujaili, Ayad and Duan, Ye and Al-Shamma, Omran and Santamar{\'\i}a, Jos{\'e} and Fadhel, Mohammed A and Al-Amidie, Muthana and Farhan, Laith},
  journal={Journal of big Data},
  volume={8},
  number={1},
  pages={1--74},
  year={2021},
  publisher={Springer}
}
